@misc{Sd2021ProjectEtcd,
    author={Achilli, Mattia},
    title={Un archivio chiave-valore distribuito e affidabile per i dati critici di un sistema distribuito: etcd},
    howpublished={\url{https://apice.unibo.it/xwiki/bin/view/Courses/Sd2021ProjectEtcd}},
    year=2021
}

@misc{Sd2021ProjectCEPH,
    author={Schiavi, Daniele and Atti, Nicola},
    title={Technology Know-How: Ceph},
    howpublished={\url{https://apice.unibo.it/xwiki/bin/view/Courses/Sd2021ProjectCEPH}},
    year=2021
}

@misc{Sd2021ProjectZyzzyva,
    author={Mormone, Giovanni and Aspee Encina, Fabian},
    title={Zyzzyva: analisi ed implementazione dell’algoritmo per consenso in sistemi distribuiti},
    howpublished={\url{https://apice.unibo.it/xwiki/bin/view/Courses/Sd2021ProjectZyzzyva}},
    year=2021
}

@misc{Sd2021ProjectGuessR,
    author={Filaseta, Angelo and Talmi, Alessandro and Sanchi, Piero},
    title={GuessR},
    howpublished={\url{https://apice.unibo.it/xwiki/bin/view/Courses/Sd2021ProjectGuessR}},
    year=2021
}

@misc{Sd2021ProjectTusowCSharpInterface,
    author={Cavalieri, Giacomo and Di Domenico, Nicolò},
    title={C Sharp client-side interface for TuSoW},
    howpublished={\url{https://apice.unibo.it/xwiki/bin/view/Courses/Sd2021ProjectTusowCSharpInterface}},
    year=2021
}

@misc{Sd2021ProjectKubernetes,
    author={Baiardi, Martina},
    title={DevOps on Kubernetes},
    howpublished={\url{https://apice.unibo.it/xwiki/bin/view/Courses/Sd2021ProjectKubernetes}},
    year=2021
}

@misc{Sd2021HybridQuorum,
    author={Leo, Pasquale and Cassano, Francesco},
    title={HQ Replication: Analisi e implementazione di un protocollo ibrido per accordo e BFT in un sistema distribuito},
    howpublished={\url{https://apice.unibo.it/xwiki/bin/view/Courses/Sd2021HybridQuorum}},
    year=2021
}

@misc{Sd2021ProjectCAHu,
    author={Rossi, Luca and Schiaroli, Davide and Tronetti, Elisa},
    title={CAHu Clone},
    howpublished={\url{https://apice.unibo.it/xwiki/bin/view/Courses/Sd2021ProjectCAHu}},
    year=2021
}

@article{lpaas-bdcc2,
    Articleno = 23,
    Author = {Calegari, Roberta and Ciatto, Giovanni and Mariani, Stefano and Denti, Enrico and Omicini, Andrea},
    Doi = {10.3390/bdcc2030023},
    IrisId = {11585/640012},
    Issn-Online = {2504-2289},
    Journal = {Big Data and Cognitive Computing},
    Keywords = {Logic Programming as a Service, IoT, symbolic reasoning},
    Number = 3,
    Numpages = 26,
    Publisher = {MDPI},
    Title = {{LPaaS} as Micro-intelligence: Enhancing {IoT} with Symbolic Reasoning},
    Url = {http://www.mdpi.com/2504-2289/2/3/23},
    Url-Pdf = {http://www.mdpi.com/2504-2289/2/3/23/pdf},
    Volume = 2,
    Year = 2018}

@article{2pkt-softwarex,
    author = {Ciatto, Giovanni and Calegari, Roberta and Omicini, Andrea},
    doi = {10.1016/j.softx.2021.100817},
    journal = {SoftwareX},
    keywords = {logic programming, artificial intelligence, Prolog, Kotlin, tuProlog},
    title = {{2P-Kt}: A Logic-Based Ecosystem for Symbolic {AI}},
    year = 2021}

@inproceedings{tusow-icccn2019,
    Address = {Valencia, Spain},
    Author = {Ciatto, Giovanni and Rizzato, Lorenzo and Omicini, Andrea and Mariani, Stefano},
    Booktitle = {The 28th International Conference on Computer Communications and Networks (ICCCN 2019)},
    Doi = {10.1109/ICCCN.2019.8846916},
    IrisId = {11585/695576},
    IeeeNo = {8846916},
    Isbn = {978-1-7281-1856-7},
    Isbn-Usb = {978-1-7281-1855-0},
    Issn = {2637-9430},
    Keywords = {TuSoW, edge computing, coordination, tuple spaces, LINDA, Web of Things},
    Month = {29~} # jul # {--1~} # aug,
    Publisher = IEEE,
    ScopusId = {2-s2.0-85073155391},
    Title = {{TuSoW}: Tuple Spaces for Edge Computing},
    Url = {http://ieeexplore.ieee.org/document/8846916},
    WosId = {000533348400007},
    Year = 2019}

@article{respect-scp41,
    Author = {Omicini, Andrea and Denti, Enrico},
    Doi = {10.1016/S0167-6423(01)00011-9},
    Issn = {0167-6423},
    Journal = {Science of Computer Programming},
    Month = nov,
    Number = 3,
    Pages = {277--294},
    Publisher = {Elsevier Science B. V.},
    ScopusId = {2-s2.0-0035501083},
    Title = {From Tuple Spaces to Tuple Centres},
    Url = {http://www.sciencedirect.com/science/article/pii/S0167642301000119},
    Volume = 41,
    WosId = {000173598300003},
    Year = 2001}

@article{tucson-jir98,
    Author = {Omicini, Andrea and Zambonelli, Franco},
    Doi = {10.1108/10662249810241266},
    Issn = {1066-2243},
    Journal = {Internet Research},
    Keywords = {Applications software, Co-ordination, Information retrieval, Internet},
    Month = dec,
    Number = 5,
    Pages = {400--413},
    Publisher = {MCB University Press},
    ScopusId = {2-s2.0-0032355650},
    Title = {Co-ordination of Mobile Information Agents in {{\sf TuCSoN}}},
    Url = {http://www.emeraldinsight.com/10.1108/10662249810241266},
    Volume = 8,
    WosId = {000077560700004},
    Year = 1998}

@book{jadebook-2007,
    Author = {Bellifemine, Fabio Luigi and Caire, Giovanni and Greenwood, Dominic},
    Isbn = {978-0-470-05747-6},
    Month = feb,
    Publisher = {Wiley},
    Title = {Developing Multi-Agent Systems with {JADE}},
    Url = {http://eu.wiley.com/WileyCDA/WileyTitle/productCd-0470057475.html},
    Year = 2007}

@misc{envSetup,
    author = {Ciatto, Giovanni and Omicini, Andrea},
    title = {Environment Setup Tutorial},
    howpublished = {\url{https://github.com/gciatto-unibo/sd-lab-environment-configuration/releases/latest}},
}

@misc{pianiniDvcs,
	author = {Pianini, Danilo},
	title = {Productive parallel teamwork: Decentralized Version Control Systems},
	howpublished = {\url{https://www.slideshare.net/DanySK/productive-parallel-teamwork-decentralized-version-control-systems}},
}

@misc{pianiniBuildAutomation,
	author = {Pianini, Danilo},
	title = {Enforce reproducibility: dependency management and build automation},
	howpublished = {\url{https://www.slideshare.net/DanySK/enforce-reproducibility-dependency-management-and-build-automation}},
}

@book{proGit,
	author    = {Chacon, Scott and Straub, Ben },
	title     = {Pro Git},
	publisher = {Apress},
	year      = 2014,
	edition   = 2,
	note      = {\url{https://git-scm.com/book/en/v2}},
	howpublished = {\url{https://git-scm.com/book/en/v2}},
	url = {https://git-scm.com/book/en/v2},
	isbn      = {978-1484200773}
}

@misc{gradleUserGuide,
	author = {Gradle Inc.},
	title = {Gradle User Manual},
	howpublished = {\url{https://docs.gradle.org/current/userguide/userguide.pdf}},
}

@book{Naftalin2006,
	author    = {Naftalin, Maurice and Wadler, Philip},
	title     = {Java generics and collections},
	publisher = {O'Reilly},
	year      = {2006},
	url       = {https://www.oreilly.com/pub/pr/1634},
	isbn      = {0-596-52775-6},
}

@misc{JavaCollectionsCheatsheets,
	author = {Random Guy on the Internet},
	title = {Java Map/Collection Cheat Sheet},
	howpublished = {\url{http://www.sergiy.ca/img/doc/java-map-collection-cheat-sheet.gif}},
}

@book{Bloch2008,
	author = {Bloch, Joshua},
	title = {Effective Java (2nd Edition) (The Java Series)},
	year = {2008},
	isbn = {0321356683},
	publisher = {Prentice Hall PTR},
	address = {USA},
	edition = {2},
}

@book{Warburton2014,
	author = {Warburton, Richard},
	title = {Java 8 Lambdas: Pragmatic Functional Programming},
	year = {2014},
	isbn = {1449370772},
	publisher = {O'Reilly Media, Inc.},
	edition = {1},
}

@book{Oaks2004,
	author    = {Oaks, Scott and Wong, Henry },
	title     = {Java threads -- {U}nderstanding and mastering concurrent programming},
	publisher = {O'Reilly},
	year      = {2004},
	_url       = {https://www.amazon.it/Java-Threads-Understanding-Concurrent-Programming-ebook/dp/B00BIRRRZA},
	isbn      = {978-0-596-00782-9},
	timestamp = {Tue, 12 Apr 2011 15:08:29 +0200},
	biburl    = {https://dblp.org/rec/books/daglib/0011710.bib},
	bibsource = {dblp computer science bibliography, https://dblp.org}
}

@book{Lea1999,
	author    = {Lea, Doug},
	title     = {Concurrent programming in Java -- design principles and patterns},
	series    = {Java series},
	publisher = {Addison-Wesley-Longman},
	year      = {1999},
	edition = 2,
	isbn      = {9780201310092},
	url    = {https://www.oreilly.com/library/view/concurrent-programming-in/0201310090/},
}

@book{Goetz2006,
	author    = {Goetz, Brian and Peierls, Tim and Bloch, Joshua J. and Bowbeer, Joseph and	Holmes, David and Lea, Doug},
	title     = {Java Concurrency in Practice},
	publisher = {Addison-Wesley},
	year      = {2006},
	isbn      = {978-0-321-34960-6},
	url = {https://jcip.net},
	timestamp = {Sat, 10 Mar 2018 01:01:54 +0100},
	biburl    = {https://dblp.org/rec/books/daglib/0025244.bib},
	bibsource = {dblp computer science bibliography, https://dblp.org}
}

@book{Garg2004,
	author    = {Garg, Vijay K.},
	title     = {Concurrent and distributed computing in Java},
	publisher = {Wiley},
	year      = {2004},
	isbn      = {978-0-471-43230-2},
	timestamp = {Thu, 07 Apr 2011 16:16:00 +0200},
	biburl    = {https://dblp.org/rec/books/daglib/0010661.bib},
	bibsource = {dblp computer science bibliography, https://dblp.org}
}